@article{fu2009egameflow,
	title={EGameFlow: A scale to measure learnersâ€™ enjoyment of e-learning games},
	author={Fu, Fong-Ling and Su, Rong-Chang and Yu, Sheng-Chin},
	journal={Computers \& Education},
	volume={52},
	number={1},
	pages={101--112},
	year={2009},
	publisher={Elsevier}
}

@article{sweetser2005gameflow,
	title={GameFlow: a model for evaluating player enjoyment in games},
	author={Sweetser, Penelope and Wyeth, Peta},
	journal={Computers in Entertainment (CIE)},
	volume={3},
	number={3},
	pages={3--3},
	year={2005},
	publisher={ACM}
}